@article{
    Catalan1844_Note,
    author = {Eugène Catalan},
    journal = {Journal für die reine und angewandte Mathematik},
    pages = {192-192},
    title = {Note extraite d'une lettre adressée à l'éditeur par Mr. E. Catalan, Répétiteur à l'école polytechnique de Paris.},
    url = {https://eudml.org/doc/147217},
    volume = {27},
    year = {1844},
}

@book{
    Schoof2009,
    url = {https://doi.org/10.1007/978-1-84800-185-5},
    year = {2009},
    publisher = {Springer London},
    author = {Ren{\'{e}} Schoof},
    title = {Catalan's Conjecture}
}

@article{
    Bilu2002,
    author = {Yuri F. Bilu},
    journal = {Séminaire Bourbaki},
    keywords = {unités cyclotomiques; paires de Wieferich},
    pages = {1-26},
    publisher = {Association des amis de Nicolas Bourbaki, Société mathématique de France},
    title = {Catalan’s conjecture},
    url = {http://eudml.org/doc/252135},
    volume = {45},
    year = {2002},
}

@misc{
    Daems2003,
    author = {Jeanine Daems},
    title = {A Cyclotomic Proof of Catalan’s Conjecture},
    year = {2003},
    url = {https://www.mimuw.edu.pl/~zbimar/Catalan.pdf}
}

@article{
    Metsankyla2003_AMSBulletin,
    title={Catalan’s Conjecture: Another old Diophantine problem solved},
    author={Tauno Mets{\"a}nkyl{\"a}},
    journal={Bulletin of the American Mathematical Society},
    year={2003},
    volume={41},
    pages={43-57},
    url={https://www.ams.org/journals/bull/2004-41-01/S0273-0979-03-00993-5/S0273-0979-03-00993-5.pdf}
}

@book{
    Euler1914,
    title = {Commentationes Arithmeticae},
    author = {Leonhard Euler},
    editor = {Ferdinand Rudio},
    publisher = {Birkhäuser Basel},
    series = {Leonhard Euler, Opera Omnia / Opera Mathematica},
    edition = 1915,
    month = dec,
    year = 1914,
    address = {Basel, Switzerland}
}

@misc{
    Gondi2018_MordellTheorem,
    title = {An Elementary Proof of Mordell's Theorem},
    author = {Suhas V. Gondi},
    url = {http://math.uchicago.edu/~may/REU2018/REUPapers/Gondi.pdf}
}

@article{
    Lebesgue1850,
    author = {Victor A. Lebesgue},
    journal = {Nouvelles annales de mathématiques : journal des candidats aux écoles polytechnique et normale},
    title = {Sur l'impossibilité en nombres entier de l'équation $x^m = y^2 + 1$},
    publisher = {Bachelier},
    volume = {9},
    pages = {178-181},
    year = {1850},
    url = {https://eudml.org/doc/96100}
}

@article{
    Tijdeman1976,
    author = {Robert Tijdeman},
    title = {On the equation of Catalan},
    journal = {Acta Arithmetica},
    volume = {29},
    number = {2},
    pages = {197-209},
    year = {1976},
    url = {http://matwbn.icm.edu.pl/ksiazki/aa/aa29/aa2929.pdf}
}

@article{
    Cassels1960,
    title={On the Equation $a^x − b^y = 1$. II},
    author={J. W. S. Cassels},
    journal={Mathematical Proceedings of the Cambridge Philosophical Society},
    volume={56},
    number={2},
    pages={97–103},
    publisher={Cambridge University Press},
    year={1960},
    url={https://doi.org/10.1017/S0305004100034332}
}

@article{
    Inkeri1964,
    author = {K. Inkeri},
    journal = {Acta Arithmetica},
    number = {3},
    pages = {285-290},
    title = {On Catalan's problem},
    url = {http://eudml.org/doc/207483},
    volume = {9},
    year = {1964}
}

@article{
    Inkeri1990,
    title = {On Catalan's conjecture},
    journal = {Journal of Number Theory},
    volume = {34},
    number = {2},
    pages = {142-152},
    year = {1990},
    issn = {0022-314X},
    doi = {https://doi.org/10.1016/0022-314X(90)90145-H},
    author = {K. Inkeri},
}

@book{
    Washington1997,
    url = {https://doi.org/10.1007/978-1-4612-1934-7},
    year = {1997},
    publisher = {Springer New York},
    author = {Lawrence C. Washington},
    title = {Introduction to Cyclotomic Fields}
}

@article{
    Mihailescu2003_ClassNumberFreeCriterion,
    title = {A class number free criterion for Catalan's conjecture},
    journal = {Journal of Number Theory},
    volume = {99},
    number = {2},
    pages = {225-231},
    year = {2003},
    issn = {0022-314X},
    doi = {https://doi.org/10.1016/S0022-314X(02)00101-4},
    author = {Preda Mihǎilescu}
}

@article{
    Mihailescu2004,
    url = {https://doi.org/10.1515/crll.2004.048},
    year = {2004},
    month = jan,
    publisher = {Walter de Gruyter {GmbH}},
    volume = {2004},
    number = {572},
    author = {P. Mihailescu},
    title = {Primary cyclotomic units and a proof of Catalans conjecture},
    journal = {Journal f\"{u}r die reine und angewandte Mathematik (Crelles Journal)}
}

@article{
    Thaine1988,
    url = {https://doi.org/10.2307/1971460},
    year = {1988},
    month = jul,
    publisher = {{JSTOR}},
    volume = {128},
    number = {1},
    pages = {1},
    author = {Francisco Thaine},
    title = {On the Ideal Class Groups of Real Abelian Number Fields},
    journal = {The Annals of Mathematics}
}

@article{
    Chein1976,
    url = {https://doi.org/10.1090/s0002-9939-1976-0404133-1},
    year = {1976},
    publisher = {American Mathematical Society ({AMS})},
    volume = {56},
    number = {1},
    pages = {83--84},
    author = {E. Z. Chein},
    title = {A note on the equation $x^2 = y^q + 1$},
    journal = {Proceedings of the American Mathematical Society}
}